<record><leader>00000cas a2200000 a 4500</leader><controlfield tag="001">31000218</controlfield><controlfield tag="007">hd afu---bucu</controlfield><controlfield tag="008">940824d18501884vaudn nea     0   a0eng c</controlfield><datafield ind1=" " ind2=" " tag="010"><subfield code="a">sn 94043545 </subfield></datafield><datafield ind1=" " ind2=" " tag="040"><subfield code="a">IBS</subfield><subfield code="b">eng</subfield><subfield code="c">IBS</subfield><subfield code="d">WAU</subfield><subfield code="d">OCL</subfield><subfield code="d">OCLCQ</subfield><subfield code="d">OCLCF</subfield><subfield code="d">OCLCO</subfield></datafield><datafield ind1=" " ind2=" " tag="019"><subfield code="a">7799081</subfield></datafield><datafield ind1="1" ind2=" " tag="029"><subfield code="a">AU@</subfield><subfield code="b">000025901765</subfield></datafield><datafield ind1=" " ind2=" " tag="042"><subfield code="a">pcc</subfield></datafield><datafield ind1=" " ind2=" " tag="043"><subfield code="a">n-us-va</subfield></datafield><datafield ind1=" " ind2="4" tag="050"><subfield code="a">AN52.R5</subfield><subfield code="b">D25</subfield></datafield><datafield ind1="0" ind2=" " tag="130"><subfield code="a">Daily dispatch (Richmond, Va.)</subfield></datafield><datafield ind1="1" ind2="4" tag="245"><subfield code="a">The Daily dispatch</subfield><subfield code="h">[microform].</subfield></datafield><datafield ind1="1" ind2="7" tag="246"><subfield code="a">Richmond dispatch</subfield></datafield><datafield ind1=" " ind2=" " tag="260"><subfield code="a">Richmond [Va.] :</subfield><subfield code="b">J.A. Cowardin</subfield></datafield><datafield ind1=" " ind2=" " tag="300"><subfield code="a">v. :</subfield><subfield code="b">ill.</subfield></datafield><datafield ind1=" " ind2=" " tag="310"><subfield code="a">Daily (except Sun.)</subfield></datafield><datafield ind1="1" ind2=" " tag="362"><subfield code="a">Began Oct. 19, 1850; ceased June 30, 1884.</subfield></datafield><datafield ind1=" " ind2=" " tag="515"><subfield code="a">Volume numbering is irregular.</subfield></datafield><datafield ind1=" " ind2=" " tag="515"><subfield code="a">Suspended Apr. 2-Dec. 8, 1865; Apr. 1-8, 1866.</subfield></datafield><datafield ind1=" " ind2=" " tag="515"><subfield code="a">Vol. 22, no. 143 (June 16, 1862) misdated May 16 on masthead.</subfield></datafield><datafield ind1=" " ind2=" " tag="588"><subfield code="a">Description based on: Vol. 15, no. 1 (Jan. 1, 1859); title from caption.</subfield></datafield><datafield ind1=" " ind2=" " tag="533"><subfield code="a">Microfilm.</subfield><subfield code="b">Richmond, Va. :</subfield><subfield code="c">Virginia State Library.</subfield><subfield code="e">microfilm reels ; 35 mm.</subfield></datafield><datafield ind1=" " ind2=" " tag="539"><subfield code="a">d</subfield><subfield code="b">1850</subfield><subfield code="c">1884</subfield><subfield code="d">vau</subfield><subfield code="e">u</subfield><subfield code="f">u</subfield><subfield code="g">a</subfield></datafield><datafield ind1=" " ind2="0" tag="651"><subfield code="a">Richmond (Va.)</subfield><subfield code="v">Newspapers.</subfield></datafield><datafield ind1=" " ind2="7" tag="655"><subfield code="a">Newspapers.</subfield><subfield code="2">fast</subfield><subfield code="0">(OCoLC)fst01423814</subfield></datafield><datafield ind1=" " ind2="7" tag="651"><subfield code="a">Virginia</subfield><subfield code="z">Richmond.</subfield><subfield code="2">fast</subfield><subfield code="0">(OCoLC)fst01205345</subfield></datafield><datafield ind1=" " ind2=" " tag="752"><subfield code="a">United States</subfield><subfield code="b">Virginia</subfield><subfield code="d">Richmond.</subfield></datafield><datafield ind1="1" ind2=" " tag="775"><subfield code="t">Weekly dispatch (Richmond, Va.)</subfield></datafield><datafield ind1="1" ind2=" " tag="775"><subfield code="t">Semi-weekly dispatch (Richmond, Va.)</subfield></datafield><datafield ind1="1" ind2=" " tag="776"><subfield code="t">Daily dispatch (Richmond, Va.)</subfield><subfield code="w">(OCoLC)2260085</subfield></datafield><datafield ind1="0" ind2="5" tag="780"><subfield code="t">Richmond times (Richmond, Va. : 1865)</subfield></datafield><datafield ind1="0" ind2="0" tag="785"><subfield code="t">Richmond dispatch</subfield></datafield></record>